<record xmlns="http://www.loc.gov/MARC21/slim" xmlns:xsi="http://www.w3.org/2001/XMLSchema-instance" xsi:schemaLocation="http://www.loc.gov/MARC21/slim http://www.loc.gov/standards/marcxml/schema/MARC21slim.xsd"><leader>02004nam a2200385   4500</leader><controlfield tag="001">001677057</controlfield><controlfield tag="003">NNU</controlfield><controlfield tag="006">m        d        </controlfield><controlfield tag="007">cr cn |||m|||a</controlfield><controlfield tag="008">150223s1954    ua      o     001 0 ara d</controlfield><datafield ind1=" " ind2=" " tag="040"><subfield code="a">NNU</subfield><subfield code="b">eng</subfield><subfield code="c">NNU</subfield></datafield><datafield ind1=" " ind2="4" tag="050"><subfield code="a">BP130.4</subfield><subfield code="b">.I284</subfield></datafield><datafield ind1="1" ind2=" " tag="100"><subfield code="6">880-01</subfield><subfield code="a">Ibn Qutaybah, &#699;Abd All&#257;h ibn Muslim,</subfield><subfield code="d">828-889?</subfield></datafield><datafield ind1="1" ind2="0" tag="245"><subfield code="6">880-02</subfield><subfield code="a">Ta&#700;w&#299;l mushakil al-Qur&#700;&#257;n</subfield><subfield code="h">[electronic resource] /</subfield><subfield code="c">bi-shar&#7717; wa ta&#7717;q&#299;q A&#7717;mad &#7778;aqr.</subfield></datafield><datafield ind1=" " ind2=" " tag="260"><subfield code="6">880-03</subfield><subfield code="a">[al-Q&#257;hirah] :</subfield><subfield code="b">&#699;&#298;s&#225; al-B&#257;b&#299; al-&#7716;alab&#299; :</subfield><subfield code="b">D&#257;r I&#7717;y&#257;&#700; al-Kutub al-&#699;Arab&#299;yyah,</subfield><subfield code="c">[1954?]</subfield></datafield><datafield ind1=" " ind2=" " tag="300"><subfield code="a">online resource (536 p.)</subfield></datafield><datafield ind1="1" ind2=" " tag="490"><subfield code="6">880-04</subfield><subfield code="a">Maktabat Ibn Qutaybah ;</subfield><subfield code="v">1</subfield></datafield><datafield ind1=" " ind2=" " tag="500"><subfield code="a">Part of the Arabic Collections Online (ACO) project, contributed by New York Univeristy Libraries.</subfield></datafield><datafield ind1=" " ind2=" " tag="533"><subfield code="a">Electronic reproduction.</subfield><subfield code="b">New York, N.Y. :</subfield><subfield code="c">New York University,</subfield><subfield code="d">2015.</subfield><subfield code="5">NNU</subfield></datafield><datafield ind1="0" ind2="4" tag="630"><subfield code="a">Koran</subfield><subfield code="x">Commentaries</subfield><subfield code="x">Early works to 1800.</subfield></datafield><datafield ind1="0" ind2="0" tag="630"><subfield code="a">Koran</subfield><subfield code="x">Criticism, interpretation, etc.</subfield></datafield><datafield ind1="1" ind2=" " tag="700"><subfield code="6">880-05</subfield><subfield code="a">&#7778;aqr, A&#7717;mad.</subfield></datafield><datafield ind1="2" ind2=" " tag="710"><subfield code="a">New York University.</subfield><subfield code="b">Libraries.</subfield></datafield><datafield ind1="0" ind2=" " tag="730"><subfield code="a">Arabic Collections Online.</subfield></datafield><datafield ind1="0" ind2="8" tag="776"><subfield code="i">Print version:</subfield><subfield code="a">Ibn Qutaybah, &#699;Abd All&#257;h ibn Muslim, 828-889? 880-01</subfield><subfield code="t">Ta&#700;w&#299;l mushakil al-Qur&#700;&#257;n</subfield><subfield code="w">(NNU)001677057</subfield></datafield><datafield ind1="4" ind2="0" tag="856"><subfield code="u">http://hdl.handle.net/2333.1/7sqv9vct</subfield></datafield><datafield ind1="1" ind2=" " tag="880"><subfield code="6">100-01/</subfield><subfield code="a">&#1573;&#1576;&#1606; &#1602;&#1578;&#1610;&#1576;&#1577;&#1548; &#1593;&#1576;&#1583; &#1575;&#1604;&#1604;&#1607; &#1576;&#1606; &#1605;&#1587;&#1604;&#1605;&#1548;</subfield><subfield code="d">828-889?</subfield></datafield><datafield ind1="1" ind2="0" tag="880"><subfield code="6">245-02/</subfield><subfield code="a">&#1578;&#1571;&#1608;&#1610;&#1604; &#1605;&#1588;&#1603;&#1604; &#1575;&#1604;&#1602;&#1585;&#1570;&#1606; /</subfield><subfield code="c">&#1571;&#1576;&#1610; &#1605;&#1581;&#1605;&#1583; &#1593;&#1576;&#1583; &#1575;&#1604;&#1604;&#1607; &#1576;&#1606; &#1605;&#1587;&#1604;&#1605; &#1576;&#1606; &#1602;&#1578;&#1610;&#1576;&#1577; &#1563; &#1576;&#1588;&#1585;&#1581; &#1608;&#1578;&#1581;&#1602;&#1610;&#1602; &#1571;&#1581;&#1605;&#1583; &#1589;&#1602;&#1585;.</subfield></datafield><datafield ind1=" " ind2=" " tag="880"><subfield code="6">260-03/</subfield><subfield code="a">[&#1575;&#1604;&#1602;&#1575;&#1607;&#1585;&#1577;] :</subfield><subfield code="b">&#1593;&#1610;&#1587;&#1609; &#1575;&#1604;&#1576;&#1575;&#1576;&#1610; &#1575;&#1604;&#1581;&#1604;&#1576;&#1610; :</subfield><subfield code="b">&#1583;&#1575;&#1585; &#1575;&#1581;&#1610;&#1575;&#1569; &#1575;&#1604;&#1603;&#1578;&#1576; &#1575;&#1604;&#1593;&#1585;&#1576;&#1610;&#1610;&#1577;&#1548;</subfield><subfield code="c">[1954?]</subfield></datafield><datafield ind1="1" ind2=" " tag="880"><subfield code="6">490-04/</subfield><subfield code="a">&#1605;&#1603;&#1578;&#1576;&#1577; &#1575;&#1576;&#1606; &#1602;&#1578;&#1610;&#1576;&#1577; &#1563;</subfield><subfield code="v">1</subfield></datafield><datafield ind1="1" ind2=" " tag="880"><subfield code="6">700-05/</subfield><subfield code="a">&#1589;&#1602;&#1585;&#1548; &#1575;&#1581;&#1605;&#1583;.</subfield></datafield><datafield ind1=" " ind2="0" tag="830"><subfield code="6">880-06</subfield><subfield code="a">Maktabat Ibn Qutaybah ;</subfield><subfield code="v">1.</subfield></datafield><datafield ind1=" " ind2="0" tag="880"><subfield code="6">830-06/</subfield><subfield code="a">&#1605;&#1603;&#1578;&#1576;&#1577; &#1575;&#1576;&#1606; &#1602;&#1578;&#1610;&#1576;&#1577; &#1563;</subfield><subfield code="v">1.</subfield></datafield><datafield ind1=" " ind2=" " tag="959"><subfield code="a">NNU</subfield><subfield code="b">WEB</subfield><subfield code="c">GENI</subfield><subfield code="t">0</subfield><subfield code="m">Electronic access</subfield><subfield code="s">01</subfield></datafield><datafield ind1=" " ind2=" " tag="999"><subfield code="i">NNU_001677057</subfield><subfield code="s">nyu_aco000149:v.1</subfield></datafield></record>